<record><leader>00000cas a22000007a 4500</leader><controlfield tag="001">29513570</controlfield><controlfield tag="008">931217d19741978nyuwr ne      0    0eng d</controlfield><datafield ind1=" " ind2=" " tag="010"><subfield code="a">sn 93063716 </subfield></datafield><datafield ind1=" " ind2=" " tag="040"><subfield code="a">NYS</subfield><subfield code="b">eng</subfield><subfield code="c">NYS</subfield><subfield code="d">OCLCQ</subfield><subfield code="d">OCLCO</subfield></datafield><datafield ind1="1" ind2=" " tag="029"><subfield code="a">AU@</subfield><subfield code="b">000010738209</subfield></datafield><datafield ind1=" " ind2=" " tag="042"><subfield code="a">msc</subfield></datafield><datafield ind1=" " ind2=" " tag="043"><subfield code="a">n-us-ny</subfield></datafield><datafield ind1="0" ind2="0" tag="245"><subfield code="a">Crystal courier.</subfield></datafield><datafield ind1=" " ind2=" " tag="260"><subfield code="a">[New Bremen, N.Y.] :</subfield><subfield code="b">John K. Virkler,</subfield><subfield code="c">1974-1978.</subfield></datafield><datafield ind1=" " ind2=" " tag="300"><subfield code="a">v. :</subfield><subfield code="b">ill. ;</subfield><subfield code="c">28-39 cm.</subfield></datafield><datafield ind1=" " ind2=" " tag="310"><subfield code="a">Weekly,</subfield><subfield code="b">Dec. 7, 1977-Mar. 8, 1978</subfield></datafield><datafield ind1=" " ind2=" " tag="321"><subfield code="a">Biweekly,</subfield><subfield code="b">Apr. 1974-Jan. 1975</subfield></datafield><datafield ind1=" " ind2=" " tag="321"><subfield code="a">Monthly,</subfield><subfield code="b">Feb.-Apr. 1975</subfield></datafield><datafield ind1=" " ind2=" " tag="321"><subfield code="a">Biweekly,</subfield><subfield code="b">Sept. 4, 1975-&lt;May. 14, 1976&gt;</subfield></datafield><datafield ind1="0" ind2=" " tag="362"><subfield code="a">Ed. 30 (Apr. 17, 1974)- ; vol. 1, no. 1 (Nov. 2, 1977) ; v. 8, no. 2 (Dec 7, 1977)-v. 8, no. 14 (Mar. 8, 1978).</subfield></datafield><datafield ind1=" " ind2=" " tag="515"><subfield code="a">Suspended on June 2, 1976?; resumed on Nov. 2, 1977.</subfield></datafield><datafield ind1=" " ind2="0" tag="651"><subfield code="a">New Bremen (N.Y.)</subfield><subfield code="v">Newspapers.</subfield></datafield><datafield ind1=" " ind2="0" tag="651"><subfield code="a">Lewis County (N.Y.)</subfield><subfield code="v">Newspapers.</subfield></datafield><datafield ind1=" " ind2=" " tag="752"><subfield code="a">United States</subfield><subfield code="b">New York</subfield><subfield code="c">Lewis</subfield><subfield code="d">New Bremen.</subfield></datafield><datafield ind1="0" ind2="0" tag="780"><subfield code="t">Virkler times</subfield><subfield code="w">(DLC)sn 94057802</subfield><subfield code="w">(OCoLC)30867242</subfield></datafield><datafield ind1="0" ind2="0" tag="785"><subfield code="t">Courier (Lowville, N.Y.)</subfield><subfield code="w">(DLC)sn 93063717</subfield><subfield code="w">(OCoLC)29513571</subfield></datafield></record>